PokerStars Hand #100511830957:  Hold'em No Limit ($0.01/$0.02 USD) - 2013/06/24 14:24:14 ET
Table 'Tomyris II' 9-max Seat #8 is the button
Seat 1: mitomi11 ($2 in chips) 
Seat 2: pawlentij ($3.15 in chips) 
Seat 3: wasjad ($1.12 in chips) 
Seat 4: grewt ($1.97 in chips) 
Seat 5: comandanteM ($6.32 in chips) 
Seat 6: flipflic ($1.74 in chips) 
Seat 7: LinPu ($1.60 in chips) 
Seat 8: PP31337 ($3.01 in chips) 
Seat 9: marcusnu ($1.98 in chips) 
marcusnu: posts small blind $0.01
mitomi11: posts big blind $0.02
LinPu: posts big blind $0.02
*** HOLE CARDS ***
Dealt to LinPu [6h Js]
pawlentij: folds 
wasjad: folds 
grewt: folds 
comandanteM: folds 
flipflic: calls $0.02
LinPu: raises $0.06 to $0.08
PP31337: folds 
marcusnu: folds 
mitomi11: folds 
flipflic: folds 
Uncalled bet ($0.06) returned to LinPu
LinPu collected $0.07 from pot
*** SUMMARY ***
Total pot $0.07 | Rake $0 
Seat 1: mitomi11 (big blind) folded before Flop
Seat 2: pawlentij folded before Flop (didn't bet)
Seat 3: wasjad folded before Flop (didn't bet)
Seat 4: grewt folded before Flop (didn't bet)
Seat 5: comandanteM folded before Flop (didn't bet)
Seat 6: flipflic folded before Flop
Seat 7: LinPu collected ($0.07)
Seat 8: PP31337 (button) folded before Flop (didn't bet)
Seat 9: marcusnu (small blind) folded before Flop



